% ================= self included =======================
@mastersthesis{Malik2018Master,
title = {{Entwicklung eines zweiphasigen Modellsystems zur Untersuchung der Scherbeanspruchung in Bioreaktoren}},
school = {Technische Universität Berlin, Fakultät III - Prozesswissenschaften},
author = {Malik, Alexander},
year = {2018}
}

% ================= Mendeley ==========================

@phdthesis{Wollny2010Diss,
    title   = {Experimentelle und numerische Untersuchungen zur Partikelbeanspruchung in gerührten (Bio-)Reaktoren},
    school  = {Technische Universität Berlin, Fakultät III - Prozesswissenschaften},
    author  = {Wollny, Stefan},
    year    = {2010},
    url     = {http://dx.doi.org/10.14279/depositonce-2528},
}

@book{Mandenius2016,
author = {Mandenius, Carl-Fredrik.},
isbn = {9783527683369},
pages = {603},
publisher = {Wiley},
title = {{Bioreactors : Design, Operation and Novel Applications.}},
year = {2016}
}

@article{Zhang2017,
author = {Zhang, Yi-Heng Percival and Sun, Jibin and Ma, Yanhe},
doi = {10.1007/s10295-016-1863-2},
file = {:C$\backslash$:/Users/ffebr/AppData/Local/Mendeley Ltd./Mendeley Desktop/Downloaded/Zhang, Sun, Ma - 2017 - Biomanufacturing history and perspective.pdf:pdf},
journal = {Journal of Industrial Microbiology {\&} Biotechnology},
month = {may},
number = {4-5},
pages = {773--784},
publisher = {Springer Berlin Heidelberg},
title = {{Biomanufacturing: history and perspective}},
url = {http://link.springer.com/10.1007/s10295-016-1863-2},
volume = {44},
year = {2017}
}

@book{Kraume2012Transport,
address = {Berlin, Heidelberg},
author = {Kraume, Matthias},
doi = {10.1007/978-3-642-25149-8},
isbn = {978-3-642-25148-1},
publisher = {Springer Berlin Heidelberg},
title = {{Transportvorg{\"{a}}nge in der Verfahrenstechnik}},
url = {http://link.springer.com/10.1007/978-3-642-25149-8},
year = {2012}
}

@misc{Kolmogorov,
author = {Kolmogorov, A. N.},
booktitle = {Proceedings: Mathematical and Physical Sciences},
doi = {10.2307/51980},
pages = {9--13},
publisher = {Royal Society},
title = {{The Local Structure of Turbulence in Incompressible Viscous Fluid for Very Large Reynolds Numbers}},
url = {https://www.jstor.org/stable/51980},
volume = {434},
year = {1941}
}

@article{Frahm2007,
annote = {Paper about sensitivity of cell cultures.},
author = {Frahm, B. and Kirchner, S. and Kauling, J. and Brod, H. and Langer, U. and B{\"{o}}deker, B.},
doi = {10.1002/cite.200700070},
issn = {0009286X},
journal = {Chemie Ingenieur Technik},
keywords = {Bioreaktor,Membranen,Stofftransport,Zellen},
mendeley-groups = {Bachelor Thesis},
month = {jul},
number = {7},
pages = {1052--1058},
publisher = {John Wiley {\&} Sons, Ltd},
title = {{Dynamische Membranbegasung im Bioreaktor zur Intensivierung der Sauerstoffversorgung empfindlicher Zelllinien}},
url = {http://doi.wiley.com/10.1002/cite.200700070},
volume = {79},
year = {2007}
}

@techreport{Henzler1993,
abstract = {Submersed cultures are increasingly being used for fermentation with animal cells. Reactor design is particularly important in these operations, because of the sensitivity of the cells to shear. In addition to the usual aeration methods, open-pore membranes or pure diffusion membranes are used for oxygenation in order to avoid gas bubbles. The various oxygenation methods are described in the present article [1]. Design principles for surface aeration, bubble columns, loop reactors, and stirred tanks, as well as oxygenation with Accurel or silicone membranes, are presented and discussed specifically for the low oxygen inputs desired in cell cultures. The scale laws are formulated, and special reference is made to problems of scale up. The various oxygenation methods are finally compared on the basis of the design principles presented, with particular attention to mechanical stress on the cells and to the laws of scale translation.},
author = {Henzler, H. J. and Kauling, D. J.},
mendeley-groups = {Bachelor Thesis},
title = {{Oxygenation of cell cultures}},
url = {https://link.springer.com/content/pdf/10.1007{\%}2FBF00369033.pdf},
year = {1993}
}

@incollection{Eibl2009,
author = {Eibl, R. and Eibl, D.},
doi = {10.1007/978-3-540-68182-3_8},
pages = {315--356},
title = {{Plant Cell-Based Bioprocessing}},
url = {http://link.springer.com/10.1007/978-3-540-68182-3{\_}8},
year = {2009}
}

@book{Kraume2002Mischen,
address = {Weinheim, FRG},
doi = {10.1002/3527603360},
editor = {Kraume, Matthias},
isbn = {9783527603367},
month = {nov},
publisher = {Wiley-VCH Verlag GmbH {\&} Co. KGaA},
title = {{Mischen und R{\"{u}}hren}},
url = {http://doi.wiley.com/10.1002/3527603360},
year = {2002}
}

@article{chisti1988hydrodynamics,
  title={Hydrodynamics and oxygen transfer in pneumatic bioreactor devices},
  author={Chisti, MY and Moo-Young, M},
  journal={Biotechnology and bioengineering},
  volume={31},
  number={5},
  pages={487--494},
  year={1988},
  publisher={Wiley Online Library}
}

@article{nienow2000aeration,
  title={Aeration in Biotechnology},
  author={Nienow, Alvin W},
  journal={Kirk-Othmer Encyclopedia of Chemical Technology},
  pages={1--23},
  year={2000},
  publisher={Wiley Online Library}
}

@article{nienow1996gas,
  title={Gas-Liquid Mixing Studies-A Comparison of Rushton Turbines with Some Modern Impellers},
  author={Nienow, AW},
  journal={Chemical engineering research \& design},
  volume={74},
  number={4},
  pages={417--423},
  year={1996},
  publisher={Institution of Chemical Engineers, Rugby, England}
}

@article{babalona2008interrelation,
  title={Interrelation of Flooding and Complete Dispersion in Agitated Gas-Liquid Contactors},
  author={Babalona, Eva and Markopoulos, Joannis},
  journal={Chemical Engineering \& Technology: Industrial Chemistry-Plant Equipment-Process Engineering-Biotechnology},
  volume={31},
  number={7},
  pages={1031--1034},
  year={2008},
  publisher={Wiley Online Library}
}

@article{kadic2010mixing,
  title={Mixing considerations in stirred tank bioreactors when using fluid property altering microorganisms},
  author={Kadic, Enes and Heindel, Theodore J},
  year={2010}
}

@article{nienow1998hydrodynamics,
  title={Hydrodynamics of stirred bioreactors},
  author={Nienow, AW},
  journal={Applied Mechanics Reviews},
  volume={51},
  number={1},
  pages={3--32},
  year={1998},
  publisher={American Society of Mechanical Engineers}
}

@article{langer2000verstandnis,
  title={Zum Verst{\"a}ndnis der hydrodynamischen Beanspruchung von Partikeln in turbulenten R{\"u}hrerstr{\"o}mungen},
  author={Langer, Gert and Deppe, Andreas},
  journal={Chemie Ingenieur Technik},
  volume={72},
  number={1-2},
  pages={31--41},
  year={2000},
  publisher={Wiley Online Library}
}

@article{henzler1996modelluntersuchungen,
  title={Modelluntersuchungen zur Partikelbeanspruchung in Reaktoren},
  author={Henzler, Hans-J{\"u}rgen and Biedermann, Anja},
  journal={Chemie Ingenieur Technik},
  volume={68},
  number={12},
  pages={1546--1561},
  year={1996},
  publisher={Wiley Online Library}
}

@article{zhou1998correlation,
  title={Correlation of mean drop size and minimum drop size with the turbulence energy dissipation and the flow in an agitated tank},
  author={Zhou, Genwen and Kresta, Suzanne M},
  journal={Chemical Engineering Science},
  volume={53},
  number={11},
  pages={2063--2079},
  year={1998},
  publisher={Elsevier}
}

@article{shinnar1961behaviour,
  title={On the behaviour of liquid dispersions in mixing vessels},
  author={Shinnar, Reuel},
  journal={Journal of Fluid Mechanics},
  volume={10},
  number={2},
  pages={259--275},
  year={1961},
  publisher={Cambridge University Press}
}

@article{mandenius2016challenges,
  title={Challenges for bioreactor design and operation},
  author={Mandenius, Carl-Fredrik},
  journal={Bioreactors: Design, Operation and Novel Applications},
  year={2016},
  publisher={Wiley Online Library}
}
